@book{medeiros:FSAISE,
    title       = {Feedback Systems: An Introduction for Scientists and Engineers},
    author      = {Åström, K. J. and Murray, R. M.},
    publisher   = {Princeton University Press},
    year        = 2019,
    edition     = "{2nd}"
}

@book{Egeland2002,
    title       = "{Modeling and Simulation for Automatic Control}",
    author      = "Egeland, Olav and Gravdahl, Jan T.",
    publisher   = {Marine Cybernetics},
    year        = {2002},
    date        = {2002},
    note        = "{Chapters 1, 2, 3, 6, 7, 8 \& 14}",
}

@book{Perko2013,
    title       = "{Differential Equations and Dynamical Systems}",
    author      = "Perko, Lawrence",
    publisher   = "Springer",
    series      = "Texts in applied mathematics",
    edition     =  {3rd},
    year        =  2001,
    note        = "{Chapter 1 \& 2}",
}

@book{FranklinPowell2015,
    title       = "Feedback Control of Dynamic Systems",
    author      = "Franklin, G. F. and Powell, J. D. and Emami-Naeini, A.",
    publisher   = "Pearson",
    edition     =  7,
    year        =  2015,
    note        = "{Chapters 1, 2, 3 \& 6}"
}